<mx:record xmlns="http://www.w3.org/TR/xhtml1/strict" xmlns:mx="http://www.loc.gov/MARC21/slim" xmlns:xsi="http://www.w3.org/2001/XMLSchema-instance"><mx:leader>00000cz   2200000n  4500</mx:leader><mx:controlfield tag="001">oca00087663 </mx:controlfield><mx:controlfield tag="005">20020420084756.0</mx:controlfield><mx:controlfield tag="008">800820n| acannaabn          |a aaa      </mx:controlfield><mx:datafield ind1=" " ind2=" " tag="010"><mx:subfield code="a">n  50052782 </mx:subfield></mx:datafield><mx:datafield ind1=" " ind2=" " tag="040"><mx:subfield code="a">DLC</mx:subfield><mx:subfield code="c">DLC</mx:subfield><mx:subfield code="d">MdU</mx:subfield><mx:subfield code="d">OCl</mx:subfield><mx:subfield code="d">CoU</mx:subfield></mx:datafield><mx:datafield ind1="1" ind2=" " tag="100"><mx:subfield code="a">Castiglione, Baldassarre,</mx:subfield><mx:subfield code="c">conte,</mx:subfield><mx:subfield code="d">1478-1529</mx:subfield></mx:datafield><mx:datafield ind1="1" ind2=" " tag="400"><mx:subfield code="a">Kastilʹone, Balʹdessar,</mx:subfield><mx:subfield code="c">conte,</mx:subfield><mx:subfield code="d">1478-1529</mx:subfield></mx:datafield><mx:datafield ind1="1" ind2=" " tag="400"><mx:subfield code="a">Castiglione, Baldassare,</mx:subfield><mx:subfield code="c">conte,</mx:subfield><mx:subfield code="d">1478-1529</mx:subfield><mx:subfield code="w">nna</mx:subfield></mx:datafield><mx:datafield ind1="1" ind2=" " tag="400"><mx:subfield code="a">Castellón, Baltasar,</mx:subfield><mx:subfield code="c">conte,</mx:subfield><mx:subfield code="d">1478-1529</mx:subfield></mx:datafield><mx:datafield ind1="1" ind2=" " tag="400"><mx:subfield code="a">Gasitglione, Baldassarre,</mx:subfield><mx:subfield code="c">conte,</mx:subfield><mx:subfield code="d">1478-1529</mx:subfield></mx:datafield><mx:datafield ind1="1" ind2=" " tag="400"><mx:subfield code="a">Castiglione, Baldessar,</mx:subfield><mx:subfield code="c">conte,</mx:subfield><mx:subfield code="d">1478-1529</mx:subfield></mx:datafield><mx:datafield ind1="1" ind2=" " tag="400"><mx:subfield code="a">Castiglione, Bal. da.</mx:subfield><mx:subfield code="c">conte,</mx:subfield><mx:subfield code="d">1478-1529</mx:subfield></mx:datafield><mx:datafield ind1="1" ind2=" " tag="400"><mx:subfield code="a">Da Castiglione, Bal.,</mx:subfield><mx:subfield code="c">conte,</mx:subfield><mx:subfield code="d">1478-1529</mx:subfield></mx:datafield><mx:datafield ind1="1" ind2=" " tag="400"><mx:subfield code="a">Castiglione, Baldesar,</mx:subfield><mx:subfield code="c">conte,</mx:subfield><mx:subfield code="d">1478-1529</mx:subfield></mx:datafield><mx:datafield ind1="1" ind2=" " tag="400"><mx:subfield code="a">Castiglione, Baltasar,</mx:subfield><mx:subfield code="c">conte,</mx:subfield><mx:subfield code="d">1478-1529</mx:subfield></mx:datafield><mx:datafield ind1="1" ind2=" " tag="400"><mx:subfield code="a">Castiglione, Baltasar de,</mx:subfield><mx:subfield code="c">conte,</mx:subfield><mx:subfield code="d">1478-1529</mx:subfield></mx:datafield><mx:datafield ind1="1" ind2=" " tag="400"><mx:subfield code="a">De Castiglione, Baltasar,</mx:subfield><mx:subfield code="c">conte,</mx:subfield><mx:subfield code="d">1478-1529</mx:subfield></mx:datafield><mx:datafield ind1="1" ind2=" " tag="400"><mx:subfield code="a">Castiglione, Baldassar,</mx:subfield><mx:subfield code="c">conte,</mx:subfield><mx:subfield code="d">1478-1529</mx:subfield></mx:datafield><mx:datafield ind1="1" ind2=" " tag="400"><mx:subfield code="a">Castillon, Balthazar de,</mx:subfield><mx:subfield code="c">comte,</mx:subfield><mx:subfield code="d">1478-1529</mx:subfield></mx:datafield><mx:datafield ind1="1" ind2=" " tag="400"><mx:subfield code="a">De Castillon, Balthazar,</mx:subfield><mx:subfield code="c">comte,</mx:subfield><mx:subfield code="d">1478-1529</mx:subfield></mx:datafield><mx:datafield ind1="1" ind2=" " tag="400"><mx:subfield code="a">Chastillon, Balthasar de,</mx:subfield><mx:subfield code="c">comte,</mx:subfield><mx:subfield code="d">1478-1529</mx:subfield></mx:datafield><mx:datafield ind1="1" ind2=" " tag="400"><mx:subfield code="a">De Chastillon, Balthasar,</mx:subfield><mx:subfield code="c">comte,</mx:subfield><mx:subfield code="d">1478-1529</mx:subfield></mx:datafield><mx:datafield ind1="1" ind2=" " tag="400"><mx:subfield code="a">Castilio, Baldessar,</mx:subfield><mx:subfield code="c">conte,</mx:subfield><mx:subfield code="d">1478-1529</mx:subfield></mx:datafield><mx:datafield ind1="1" ind2=" " tag="400"><mx:subfield code="a">Castilio, Baldesser,</mx:subfield><mx:subfield code="c">conte,</mx:subfield><mx:subfield code="d">1478-1529</mx:subfield></mx:datafield><mx:datafield ind1=" " ind2=" " tag="670"><mx:subfield code="a">Pico della Mirandola, G. Oración acerca de la dignidad del hombre, 1978:</mx:subfield><mx:subfield code="b">t.p. (Baldassarre Gasitglione) cover (Baldassarre Castiglione)</mx:subfield></mx:datafield><mx:datafield ind1=" " ind2=" " tag="670"><mx:subfield code="a">Encic ital.</mx:subfield><mx:subfield code="b">(Castiglione, Baldassarre)</mx:subfield></mx:datafield><mx:datafield ind1=" " ind2=" " tag="670"><mx:subfield code="a">Grande encic. Vallardi</mx:subfield><mx:subfield code="b">(Castiglione, Baldassarre)</mx:subfield></mx:datafield><mx:datafield ind1=" " ind2=" " tag="670"><mx:subfield code="a">Diz. biog.</mx:subfield><mx:subfield code="b">(Castiglione, Baldassarre)</mx:subfield></mx:datafield><mx:datafield ind1=" " ind2=" " tag="670"><mx:subfield code="a">Corominas, J. M. Castiglione y La Araucana, c1980:</mx:subfield><mx:subfield code="b">t.p. (Castiglione) p. 3 (Baltasar de Castiglione)</mx:subfield></mx:datafield><mx:datafield ind1=" " ind2=" " tag="670"><mx:subfield code="a">His Il libro del Cortegiano, 1981:</mx:subfield><mx:subfield code="b">t.p. (Baldassar Castiglione)</mx:subfield></mx:datafield><mx:datafield ind1=" " ind2=" " tag="670"><mx:subfield code="a">The courtyer of Count Baldessar Castilio, 1577:</mx:subfield><mx:subfield code="b">t.p. (Baldessar Castilio) p. 17 (Baldesser Castilio)</mx:subfield></mx:datafield><mx:datafield ind1=" " ind2=" " tag="999"><mx:subfield code="a">507</mx:subfield></mx:datafield></mx:record>